<?xml version="1.0" encoding="UTF-8"?>
  <record xmlns="http://www.loc.gov/MARC21/slim" type="Authority">
    <leader>00000nz  a2200000nc 4500</leader>
    <controlfield tag="001">122800664</controlfield>
    <controlfield tag="003">DE-101</controlfield>
    <controlfield tag="005">20220311161459.0</controlfield>
    <controlfield tag="008">010322n||aznnnaabn           | aaa    |c</controlfield>
    <datafield tag="024" ind1="7" ind2=" ">
      <subfield code="a">122800664</subfield>
      <subfield code="0">http://d-nb.info/gnd/122800664</subfield>
      <subfield code="2">gnd</subfield>
    </datafield>
    <datafield tag="035" ind1=" " ind2=" ">
      <subfield code="a">(DE-101)122800664</subfield>
    </datafield>
    <datafield tag="035" ind1=" " ind2=" ">
      <subfield code="a">(DE-588)122800664</subfield>
    </datafield>
    <datafield tag="035" ind1=" " ind2=" ">
      <subfield code="z">(DE-588a)122800664</subfield>
      <subfield code="9">v:zg</subfield>
    </datafield>
    <datafield tag="035" ind1=" " ind2=" ">
      <subfield code="z">(DE-588a)135538521</subfield>
    </datafield>
    <datafield tag="040" ind1=" " ind2=" ">
      <subfield code="a">DE-12</subfield>
      <subfield code="c">DE-12</subfield>
      <subfield code="9">r:DE-12</subfield>
      <subfield code="b">ger</subfield>
      <subfield code="d">9999</subfield>
    </datafield>
    <datafield tag="042" ind1=" " ind2=" ">
      <subfield code="a">gnd1</subfield>
    </datafield>
    <datafield tag="043" ind1=" " ind2=" ">
      <subfield code="c">XA-DE</subfield>
    </datafield>
    <datafield tag="075" ind1=" " ind2=" ">
      <subfield code="b">p</subfield>
      <subfield code="2">gndgen</subfield>
    </datafield>
    <datafield tag="075" ind1=" " ind2=" ">
      <subfield code="b">piz</subfield>
      <subfield code="2">gndspec</subfield>
    </datafield>
    <datafield tag="079" ind1=" " ind2=" ">
      <subfield code="a">g</subfield>
      <subfield code="q">a</subfield>
      <subfield code="q">f</subfield>
      <subfield code="q">l</subfield>
    </datafield>
    <datafield tag="100" ind1="1" ind2=" ">
      <subfield code="a">Pichtel, Conrad Balthasar</subfield>
      <subfield code="d">1605-1656</subfield>
    </datafield>
    <datafield tag="375" ind1=" " ind2=" ">
      <subfield code="a">1</subfield>
      <subfield code="2">iso5218</subfield>
    </datafield>
    <datafield tag="400" ind1="1" ind2=" ">
      <subfield code="a">Pichtel, Konrad Balthasar</subfield>
      <subfield code="d">1605-1656</subfield>
      <subfield code="9">v:Internat. biogr. Index, DbA (WBIS)</subfield>
    </datafield>
    <datafield tag="400" ind1="1" ind2=" ">
      <subfield code="a">Pichtel, Konrad</subfield>
      <subfield code="d">1605-1656</subfield>
    </datafield>
    <datafield tag="400" ind1="1" ind2=" ">
      <subfield code="a">Pichtelius, Conradus Balthasar</subfield>
      <subfield code="d">1605-1656</subfield>
    </datafield>
    <datafield tag="400" ind1="1" ind2=" ">
      <subfield code="a">Überwindende, Der</subfield>
      <subfield code="d">1605-1656</subfield>
    </datafield>
    <datafield tag="400" ind1="1" ind2=" ">
      <subfield code="a">Uberwindende, Der</subfield>
      <subfield code="d">1605-1656</subfield>
    </datafield>
    <datafield tag="400" ind1="1" ind2=" ">
      <subfield code="a">Vberwindende, Der</subfield>
      <subfield code="d">1605-1656</subfield>
    </datafield>
    <datafield tag="400" ind1="1" ind2=" ">
      <subfield code="a">Pichtl, Conrad Balthasar</subfield>
      <subfield code="d">1605-1656</subfield>
    </datafield>
    <datafield tag="400" ind1="1" ind2=" ">
      <subfield code="a">Pichtl, Conrad Palthasar</subfield>
      <subfield code="d">1605-1656</subfield>
    </datafield>
    <datafield tag="400" ind1="1" ind2=" ">
      <subfield code="a">Pichtl, Konrad Balthasar</subfield>
      <subfield code="d">1605-1656</subfield>
    </datafield>
    <datafield tag="400" ind1="1" ind2=" ">
      <subfield code="a">Pichtl, Conrad-Balthasar</subfield>
      <subfield code="d">1605-1656</subfield>
    </datafield>
    <datafield tag="400" ind1="1" ind2=" ">
      <subfield code="a">Pichtl, Konrad-Balthasar</subfield>
      <subfield code="d">1605-1656</subfield>
    </datafield>
    <datafield tag="400" ind1="1" ind2=" ">
      <subfield code="a">Pichtl, Conradus Balthasar</subfield>
      <subfield code="d">1605-1656</subfield>
    </datafield>
    <datafield tag="400" ind1="1" ind2=" ">
      <subfield code="a">Pichtl, Conradus Balthasarus</subfield>
      <subfield code="d">1605-1656</subfield>
    </datafield>
    <datafield tag="400" ind1="1" ind2=" ">
      <subfield code="a">Pichtl, Conradus-Balthasar</subfield>
      <subfield code="d">1605-1656</subfield>
    </datafield>
    <datafield tag="400" ind1="1" ind2=" ">
      <subfield code="a">Pichtelius, Conradus Balthasarus</subfield>
      <subfield code="d">1605-1656</subfield>
    </datafield>
    <datafield tag="400" ind1="1" ind2=" ">
      <subfield code="a">Pichlenius, Conradus Balthasar</subfield>
      <subfield code="d">1605-1656</subfield>
    </datafield>
    <datafield tag="400" ind1="1" ind2=" ">
      <subfield code="a">Pichlenius, Conradus Balthasarus</subfield>
      <subfield code="d">1605-1656</subfield>
    </datafield>
    <datafield tag="400" ind1="1" ind2=" ">
      <subfield code="a">Pichtelius, Cunradus Balthasar</subfield>
      <subfield code="d">1605-1656</subfield>
    </datafield>
    <datafield tag="400" ind1="1" ind2=" ">
      <subfield code="a">Pichtelius, Cunradus Balthasarus</subfield>
      <subfield code="d">1605-1656</subfield>
    </datafield>
    <datafield tag="548" ind1=" " ind2=" ">
      <subfield code="a">1605-1656</subfield>
      <subfield code="4">datl</subfield>
      <subfield code="4">https://d-nb.info/standards/elementset/gnd#dateOfBirthAndDeath</subfield>
      <subfield code="w">r</subfield>
      <subfield code="i">Lebensdaten</subfield>
    </datafield>
    <datafield tag="550" ind1=" " ind2=" ">
      <subfield code="a">Dr. iur.</subfield>
      <subfield code="4">akad</subfield>
      <subfield code="4">https://d-nb.info/standards/elementset/gnd#academicDegree</subfield>
      <subfield code="w">r</subfield>
      <subfield code="i">Akademischer Grad</subfield>
    </datafield>
    <datafield tag="550" ind1=" " ind2=" ">
      <subfield code="0">(DE-101)040290506</subfield>
      <subfield code="0">(DE-588)4029050-5</subfield>
      <subfield code="0">https://d-nb.info/gnd/4029050-5</subfield>
      <subfield code="a">Jurist</subfield>
      <subfield code="4">berc</subfield>
      <subfield code="4">https://d-nb.info/standards/elementset/gnd#professionOrOccupation</subfield>
      <subfield code="w">r</subfield>
      <subfield code="i">Charakteristischer Beruf</subfield>
    </datafield>
    <datafield tag="551" ind1=" " ind2=" ">
      <subfield code="a">Amberg</subfield>
      <subfield code="4">ortg</subfield>
      <subfield code="4">https://d-nb.info/standards/elementset/gnd#placeOfBirth</subfield>
      <subfield code="w">r</subfield>
      <subfield code="i">Geburtsort</subfield>
    </datafield>
    <datafield tag="667" ind1=" " ind2=" ">
      <subfield code="a">12</subfield>
    </datafield>
    <datafield tag="667" ind1=" " ind2=" ">
      <subfield code="a">VD-17</subfield>
    </datafield>
    <datafield tag="670" ind1=" " ind2=" ">
      <subfield code="a">DbA (WBIS);Acta Pacis Westphalicae;Wikipedia</subfield>
    </datafield>
    <datafield tag="672" ind1=" " ind2="0">
      <subfield code="a">Krembergk, Christian: Discursus methodicus super materia iuris, qua civilis, qua canonici, utilissima et difficilima  de  interdictis</subfield>
      <subfield code="f">1628</subfield>
    </datafield>
    <datafield tag="672" ind1=" " ind2="0">
      <subfield code="a">Feurborn, Justus: Christliche Predigt Zu Gottes deß Allerhöchsten ewigem Lob ... </subfield>
      <subfield code="f">1635</subfield>
    </datafield>
    <datafield tag="672" ind1=" " ind2="0">
      <subfield code="a">Bohleman, Johann: Scala Coeli. Das ist: Die HimmelsLeiter Christus Jesus</subfield>
      <subfield code="f">1657</subfield>
    </datafield>
    <datafield tag="672" ind1=" " ind2="0">
      <subfield code="a">Carmina Lugubria super Obitum Viri Magnifici Et Nobilissimi, Dn. Conradi Balthasaris Pichtl ..</subfield>
      <subfield code="f">1657</subfield>
    </datafield>
    <datafield tag="672" ind1=" " ind2="0">
      <subfield code="a">Epicedia Oldenburgensium In luctuosissimum obitum Nobilissimi, Magnifici &amp; Consultissimi Domini Conradi Balthasaris Pichtl ..</subfield>
      <subfield code="f">[1657]</subfield>
    </datafield>
    <datafield tag="672" ind1=" " ind2="0">
      <subfield code="a">Elegidion, Quo Summum Iuris-Consultum, Patrem Patriae, Magnificum &amp; Nobilissimum Virum, Dn. Conradum Balthasarem Pichtl, Illustrissimae Aulae Oldenburgicae Consiliarium Intimum, &amp; Iudicii Provincialis in Regimine Ieverando Directorem Eminentissimum, &amp;c. festinante fato ereptum sibi, ex merito deplorant Frisii, Wittebergae nunc Studiorum gratia agentes</subfield>
      <subfield code="f">1657</subfield>
    </datafield>
    <datafield tag="672" ind1=" " ind2="0">
      <subfield code="a">Sacra Funebria Honori Et Famae Immortali Viri Nobilissimi, Magnifici &amp; in omni literarum genere versatissimi Domini Conradi Balthasaris Pichtl ..</subfield>
      <subfield code="f">[1657]</subfield>
    </datafield>
    <datafield tag="672" ind1=" " ind2="0">
      <subfield code="a">Threnodiae, Quibus obitum Viri Nobilissimi, Amplissimi, Consultissimi &amp; Excellentissimi Domini Conradi Balthasaris Pichtl ..</subfield>
      <subfield code="f">[1657]</subfield>
    </datafield>
    <datafield tag="678" ind1=" " ind2=" ">
      <subfield code="b">aus Amberg/Oberpfalz; Defendent in Wittenberg und Marburg; Oberhofgerichtsadvokat von Hollstein-Gottorf; Mitglied der Fruchtbringenden Gesellschaft; Hochgräfl. Oldenburg. Geheimer Rat und Landrichter der Herrlichkeit Jever</subfield>
    </datafield>
    <datafield tag="913" ind1=" " ind2=" ">
      <subfield code="S">pnd</subfield>
      <subfield code="i">a</subfield>
      <subfield code="a">Pichtel, Conrad Balthasar</subfield>
      <subfield code="0">(DE-588a)122800664</subfield>
    </datafield>
  </record>
